% This file was created with JabRef 2.10b2.
% Encoding: UTF-8


@Article{Bartosek2009,
  Title                    = {Open access - otevřený přístup k vědeckým informacím. Úvod do problematiky},
  Author                   = {Bartošek, Miroslav},
  Journaltitle             = {Zpravodaj ÚVT MU},
  Year                     = {2009},
  Issue                    = {2},
  Volume                   = {XX},

  Owner                    = {jakub},
  Timestamp                = {2014.05.11}
}

@Www{Bruha2014,
  Title                    = {Novela zákoníku práce 2014},
  Author                   = {Brůha, Dominik},
  Url                      = {http://osz.cmkos.cz/cz/clanky/7-10-2013-novela-zakoniku-prace-2014.aspx},
  Year                     = {2014},
  Organization             = {Odborový svaz zdravotnictví a sociální péče ČR},

  Owner                    = {jakub},
  Timestamp                = {2014.03.09}
}

@Article{faladova,
  Title                    = {Vybrané otázky autorského práva pro potřeby škol},
  Author                   = {Faladová, Adéla},
  Journaltitle             = {Škola a právo},
  Year                     = {2010},
  Number                   = {6},
  Url                      = {http://clanky.rvp.cz/wp-content/upload/prilohy/11387/vybrane_otazky_autorskeho_prava_pro_potreby_skol.pdf},

  Owner                    = {jakub},
  Timestamp                = {2014.03.08}
}

@Article{gargouri2010self,
  Title                    = {Self-selected or mandated, open access increases citation impact for higher quality research},
  Author                   = {Gargouri, Yassine and Hajjem, Chawki and Lariviere, Vincent and Gingras, Yves and Carr, Les and Brody, Tim and Harnad, Stevan},
  Year                     = {2010},
  Number                   = {10},
  Pages                    = {e13636},
  Volume                   = {5},

  Journal                  = {Plos one},
  Publisher                = {Public Library of Science}
}

@Unpublished{eps358882,
  Title                    = {Ten-year Analysis of University of Minho Green OA Self-Archiving Mandate
},
  Author                   = {Yassine Gargouri and Vincent Lariviere and Stevan Harnad},
  Year                     = {2013},
  Url                      = {http://eprints.soton.ac.uk/358882/},

  Abstract                 = {University of Minho adopted the first university-wide Green Open Access Mandate in Europe in 2004, requiring all research output to be self-archived in the institution's repository. The mandate was upgraded in 2011 to designate the repository as the sole mechanism for submitting publications for individual and institutional research performance assessment. A 10-year analysis shows that deposit rates are increasing and deposit delays are decreasing. Once the rest of the world follows Minho's example, universal Green OA will not be far behind.},
  Booktitle                = {Ten-year Anniversary of University of Minho RepositóriUM},
  Editor                   = {Eloy Rodrigues and Alma Swan and Ana Alice Baptista},
  Keywords                 = {open access, institutional repository, university of Minho, self-archiving, Green OA, OA mandates},
  Publisher                = {TBA}
}

@Book{Holcova2005,
  Title                    = {Ochrana autorských práv},
  Author                   = {Holcová, Irena and Křesťanová, Veronika and Voborník, Martin},
  Location                 = {Praha},
  Publisher                = {Ministerstvo školství, mládeže a tělovýchovy},
  Year                     = {2005},
  Note                     = {Informační materiál pro učitele k výuce na základních a středních školách},

  Owner                    = {jakub},
  Timestamp                = {2014.03.08},
  Url                      = {http://www.msmt.cz/uploads/VKav_200/oap/oap.pdf}
}

@Book{Hurka2014,
  Title                    = {Zákoník práce a související ustanovení nového občanského zákoníku s podrobným komentářem k 1. 1. 2014},
  Author                   = {Hůrka, Petr and Bezouška, Petr and Eliáš,Karel and Schmied, Zdeněk and Trylč, Ladislav and Morávek, Jakub},
  Location                 = {Praha},
  Publisher                = {ANAG},
  Year                     = {2014},

  Owner                    = {jakub},
  Timestamp                = {2014.03.09}
}

@Mastersthesis{diplomka,
  Title                    = {Zaměstnanecké dílo, kolektivní dílo a dílo na objednávku},
  Author                   = {Konvalina, Roman},
  Institution              = {Univerzita Karlova v Praze. Právnická fakulta},
  Year                     = {2008},
  Url                      = {https://is.cuni.cz/webapps/zzp/detail/8000964721/?lang=en},

  Owner                    = {jakub},
  Timestamp                = {2014.03.08}
}

@Www{epravo,
  Title                    = {Zvláštní instituty licenčních smluv v IT},
  Author                   = {Maisner, Martin and Křižka, Michal and Flaškár, Martin},
  Url                      = {http://www.epravo.cz/top/clanky/zvlastni-instituty-licencnich-smluv-v-it-58147.html},
  Year                     = {2009},
  Organization             = {ROWAN LEGAL s.r.o., advokátní kancelář},

  Owner                    = {jakub},
  Timestamp                = {2014.03.08}
}

@Article{Plankova2007,
  Title                    = {Terminologické záležitosti Open Access},
  Author                   = {Planková, Jindra},
  Journaltitle             = {iKaros},
  Year                     = {2007},
  Issue                    = {11},
  Url                      = {http://www.ikaros.cz/terminologicke-zalezitosti-open-access},
  Volume                   = {11},

  Owner                    = {jakub},
  Timestamp                = {2014.05.12}
}

@Www{Telec2008,
  Title                    = {Právní aspekty výzkumu a vývoje},
  Author                   = {Telec, Ivo},
  Url                      = {http://is.muni.cz/do/1499/el/estud/praf/ps08/p_aktual/fi/pavav/tisk/prednaska1.pdf},
  Year                     = {2008},
  Note                     = {Snímky k výuce},

  Owner                    = {jakub},
  Timestamp                = {2014.03.08}
}

@Book{komentar,
  Title                    = {Autorský zákon: Komentář},
  Author                   = {Telec, Ivo and Tůma, Pavel},
  Location                 = {Praha},
  Publisher                = {C. H. Beck},
  Year                     = {2007},

  ISBN                     = {978-80-7179-608-4},
  Owner                    = {jakub},
  Timestamp                = {2014.03.08}
}

@Book{Wittem2010,
  Title                    = {The Wittem Project. European copyright code},
  Editor                   = {Bently, Lionel and others},
  Location                 = {Witten},
  Year                     = {2010},

  Owner                    = {jakub},
  Timestamp                = {2014.05.04},
  Url                      = {http://www.copyrightcode.eu/Wittem_European_copyright_code_21%20april%202010.pdf}
}

@Www{GoodOA,
  Title                    = {Good practices for university open-access policies},
  Editor                   = {Shieber, Stuart, and Suber, Peter},
  Url                      = {http://cyber.law.harvard.edu/hoap/Good_practices_for_university_open-access_policies},
  Year                     = {2014},

  Owner                    = {jakub},
  Timestamp                = {2014.05.23}
}

@Www{Stech2013,
  Title                    = {Koncepce ediční politiky Univerzity Karlovy},
  Editor                   = {Štech, Stanislav},
  Url                      = {http://www.cuni.cz/UK-4005-version1-nakladatelska_cinnost_uk_2004.pdf},
  Year                     = {2013},
  Organization             = {Univerzita Karlova v Praze},

  Owner                    = {jakub},
  Timestamp                = {2014.03.09}
}

@Www{WorkforHire2013,
  Title                    = {Work-for-Hire Case Summaries},
  Url                      = {http://copyright.columbia.edu/copyright/copyright-ownership/work-for-hire-case-summaries/},
  Year                     = {2013},
  Organization             = {Columbia University Libraries},

  Owner                    = {jakub},
  Timestamp                = {2014.05.04}
}

